@book{womak:lean-thinking,
    author  = {James P. Womack, Daniel T. Jones},
    title   = {Lean Thinking, Second Editon},
    publisher = {Simon \& Schuster, Inc.},
    year    = {2010}
}

@online{wiki:teoria-compl,
    title   = {Teoria della complessit√† computazionale},
    url     = {https://it.wikipedia.org/wiki/Teoria_della_complessit%C3%A0_computazionale}
}

@book{degio:dispensa,
    author  = {L. De Giovanni},
    title   = {Method and Models for Combinatorial Optimization}
}